<?xml version="1.0" encoding="UTF-8"?>
<record xmlns="http://www.loc.gov/MARC21/slim" xmlns:xsi="http://www.w3.org/2001/XMLSchema-instance" xsi:schemaLocation="http://www.loc.gov/MARC21/slim http://www.loc.gov/standards/marcxml/schema/MARC21slim.xsd">
<leader>     nam a2200217 a 4500</leader>
<controlfield tag="001">002812165</controlfield>
<controlfield tag="003">NNU</controlfield>
<controlfield tag="005">20020723064702.0</controlfield>
<controlfield tag="008">870309s1903    ua       b    000 1 ara d</controlfield>
<datafield tag="035" ind1="9" ind2=" ">
<subfield code="a">NYUb10519176</subfield>
</datafield>
<datafield tag="035" ind1=" " ind2=" ">
<subfield code="a">(CStRLIN)NYUG87-B7266</subfield>
</datafield>
<datafield tag="040" ind1=" " ind2=" ">
<subfield code="a">NNU</subfield>
<subfield code="c">NNU</subfield>
</datafield>
<datafield tag="090" ind1=" " ind2=" ">
<subfield code="i">07/23/02 T</subfield>
<subfield code="h">03/31/87 CT</subfield>
</datafield>
<datafield tag="100" ind1="1" ind2=" ">
<subfield code="a">Zaydān, Jirjī,</subfield>
<subfield code="d">1861-1914.</subfield>
</datafield>
<datafield tag="245" ind1="1" ind2="0">
<subfield code="a">Fatḥ al-Andalus :</subfield>
<subfield code="b">riwāyah tārīkhīyah gharāmīyah /</subfield>
<subfield code="c">taʼlīf Jirjī Zaydān.</subfield>
</datafield>
<datafield tag="260" ind1=" " ind2=" ">
<subfield code="a">[Cairo] :</subfield>
<subfield code="b">Maṭbaʻat al-Ḥilāl,</subfield>
<subfield code="c">1903.</subfield>
</datafield>
<datafield tag="300" ind1=" " ind2=" ">
<subfield code="a">214 p. ;</subfield>
<subfield code="c">24 cm.</subfield>
</datafield>
<datafield tag="504" ind1=" " ind2=" ">
<subfield code="a">Includes bibliographical references</subfield>
</datafield>
<datafield tag="600" ind1="0" ind2="0">
<subfield code="a">Ṭāriq ibn Ziyād,</subfield>
<subfield code="d">fl. 711</subfield>
<subfield code="v">Fiction.</subfield>
</datafield>
<datafield tag="OWN" ind1=" " ind2=" ">
<subfield code="a">GENERAL</subfield>
</datafield>
<datafield tag="950" ind1=" " ind2=" ">
<subfield code="l">BMAIN</subfield>
<subfield code="a">PJ7876.A9</subfield>
<subfield code="b">F32 1903</subfield>
<subfield code="h">07/23/2002 N</subfield>
<subfield code="h">03/31/1987 C</subfield>
</datafield>
<datafield tag="955" ind1=" " ind2=" ">
<subfield code="l">BMAIN</subfield>
<subfield code="c">1</subfield>
<subfield code="r">012202159</subfield>
<subfield code="h">03/31/87 C</subfield>
</datafield>
<datafield tag="998" ind1=" " ind2=" ">
<subfield code="a">07/23/02</subfield>
<subfield code="t">c</subfield>
<subfield code="s">9114</subfield>
<subfield code="n">NNU</subfield>
<subfield code="w">NYUG87B7266</subfield>
<subfield code="d">07/23/02</subfield>
<subfield code="c">MG</subfield>
<subfield code="b">MUS</subfield>
<subfield code="i">020723</subfield>
<subfield code="h">870331</subfield>
<subfield code="l">NYUG</subfield>
</datafield>
<datafield tag="AVA" ind1=" " ind2=" ">
<subfield code="a">NYU50</subfield>
<subfield code="b">BOBST</subfield>
<subfield code="c">Main Collection</subfield>
<subfield code="d">PJ7876.A9 F32 1903</subfield>
<subfield code="e">unavailable</subfield>
<subfield code="t">Unavailable</subfield>
<subfield code="f">1</subfield>
<subfield code="g">1</subfield>
<subfield code="h">N</subfield>
<subfield code="i">1</subfield>
<subfield code="j">MAIN</subfield>
<subfield code="k">0</subfield>
</datafield>
</record>
